@article{harkins2021simple,
  title={A simple estimate of axon size with diffusion MRI},
  author={Harkins, Kevin D and Beaulieu, Christian and Xu, Junzhong and Gore, John C and Does, Mark D},
  journal={Neuroimage},
  volume={227},
  pages={117619},
  year={2021},
  publisher={Elsevier}
}

@article{baxter2013computational,
  title={A computational model for diffusion weighted imaging of myelinated white matter},
  author={Baxter, Gregory T and Frank, Lawrence R},
  journal={Neuroimage},
  volume={75},
  pages={204--212},
  year={2013},
  publisher={Elsevier}
}

@article{gagnon2015quantifying,
  title={Quantifying the microvascular origin of {BOLD}-{fMRI} from first principles with two-photon microscopy and an oxygen-sensitive nanoprobe},
  author={Gagnon, Louis and Sakad{\v{z}}i{\'c}, Sava and Lesage, Fr{\'e}d{\'e}ric and Musacchia, Joseph J and Lefebvre, Jo{\"e}l and Fang, Qianqian and Y{\"u}cel, Meryem A and Evans, Karleyton C and Mandeville, Emiri T and Cohen-Adad, J{\"u}lien and others},
  journal={Journal of Neuroscience},
  volume={35},
  number={8},
  pages={3663--3675},
  year={2015},
  publisher={Soc Neuroscience}
}

@article{gagnon2016validation,
  title={Validation and optimization of hypercapnic-calibrated fMRI from oxygen-sensitive two-photon microscopy},
  author={Gagnon, Louis and Sakad{\v{z}}i{\'c}, Sava and Lesage, Fr{\'e}d{\'e}ric and Pouliot, Philippe and Dale, Anders M and Devor, Anna and Buxton, Richard B and Boas, David A},
  journal={Philosophical Transactions of the Royal Society B: Biological Sciences},
  volume={371},
  number={1705},
  pages={20150359},
  year={2016},
  publisher={The Royal Society}
}

@article{storey2024signatures,
  title={Signatures of microstructure in gradient-echo and spin-echo signals},
  author={Storey, Pippa and Novikov, Dmitry S},
  journal={Magnetic Resonance in Medicine},
  year={2024},
  publisher={Wiley Online Library}
}

@article{soher2001representation,
  title={Representation of strong baseline contributions in 1H MR spectra},
  author={Soher, Brian J and Young, Karl and Maudsley, Andrew A},
  journal={Magnetic Resonance in Medicine: An Official Journal of the International Society for Magnetic Resonance in Medicine},
  volume={45},
  number={6},
  pages={966--972},
  year={2001},
  publisher={Wiley Online Library}
}

@article{garpebring2013uncertainty,
  title={Uncertainty estimation in dynamic contrast-enhanced MRI},
  author={Garpebring, Anders and Brynolfsson, Patrik and Yu, Jun and Wirestam, Ronnie and Johansson, Adam and Asklund, Thomas and Karlsson, Mikael},
  journal={Magnetic resonance in medicine},
  volume={69},
  number={4},
  pages={992--1002},
  year={2013},
  publisher={Wiley Online Library}
}

@article{prange2009quantifying,
  title={Quantifying uncertainty in NMR T2 spectra using {Monte Carlo} inversion},
  author={Prange, Michael and Song, Yi-Qiao},
  journal={Journal of Magnetic Resonance},
  volume={196},
  number={1},
  pages={54--60},
  year={2009},
  publisher={Elsevier}
}

@article{baez2017impact,
  title={The impact of vessel size, orientation and intravascular contribution on the neurovascular fingerprint of {BOLD} {bSSFP} {fMRI}},
  author={B{\'a}ez-Y{\'a}nez, Mario Gilberto and Ehses, Philipp and Mirkes, Christian and Tsai, Philbert S and Kleinfeld, David and Scheffler, Klaus},
  journal={Neuroimage},
  volume={163},
  pages={13--23},
  year={2017},
  publisher={Elsevier}
}

@article{khajehim2017investigating,
  title={Investigating the spatial specificity of S2-SSFP fMRI: a {Monte Carlo} simulation approach},
  author={Khajehim, Mahdi and Moghaddam, Abbas Nasiraei},
  journal={Magnetic Resonance Imaging},
  volume={37},
  pages={282--289},
  year={2017},
  publisher={Elsevier}
}

@article{martindale2008theory,
  title={Theory and generalization of {Monte Carlo} models of the {BOLD} signal source},
  author={Martindale, John and Kennerley, Aneurin J and Johnston, David and Zheng, Ying and Mayhew, John E},
  journal={Magnetic Resonance in Medicine: An Official Journal of the International Society for Magnetic Resonance in Medicine},
  volume={59},
  number={3},
  pages={607--618},
  year={2008},
  publisher={Wiley Online Library}
}

@article{rafael2020robust,
  title={Robust {Monte-Carlo} simulations in diffusion-MRI: Effect of the substrate complexity and parameter choice on the reproducibility of results},
  author={Rafael-Patino, Jonathan and Romascano, David and Ramirez-Manzanares, Alonso and Canales-Rodr{\'\i}guez, Erick Jorge and Girard, Gabriel and Thiran, Jean-Philippe},
  journal={Frontiers in neuroinformatics},
  volume={14},
  pages={8},
  year={2020},
  publisher={Frontiers Media SA}
}

@article{yeh2013diffusion,
  title={Diffusion microscopist simulator: a general {Monte Carlo} simulation system for diffusion magnetic resonance imaging},
  author={Yeh, Chun-Hung and Schmitt, Beno{\^\i}t and Le Bihan, Denis and Li-Schlittgen, Jing-Rebecca and Lin, Ching-Po and Poupon, Cyril},
  journal={PloS one},
  volume={8},
  number={10},
  pages={e76626},
  year={2013},
  publisher={Public Library of Science San Francisco, USA}
}

@article{boxerman1995mr,
  title={{MR} contrast due to intravascular magnetic susceptibility perturbations},
  author={Boxerman, Jerrold L and Hamberg, Leena M and Rosen, Bruce R and Weisskoff, Robert M},
  journal={Magnetic resonance in medicine},
  volume={34},
  number={4},
  pages={555--566},
  year={1995},
  publisher={Wiley Online Library}
}

@article{weisskoff1994microscopic,
  title={Microscopic susceptibility variation and transverse relaxation: theory and experiment},
  author={Weisskoff, Robert and Zuo, Chun S and Boxerman, Jerrold L and Rosen, Bruce R},
  journal={Magnetic Resonance in Medicine},
  volume={31},
  number={6},
  pages={601--610},
  year={1994},
  publisher={Wiley Online Library}
}

@article{lee2020impact,
  title={The impact of realistic axonal shape on axon diameter estimation using diffusion {MRI}},
  author={Lee, Hong-Hsi and Jespersen, Sune N and Fieremans, Els and Novikov, Dmitry S},
  journal={Neuroimage},
  volume={223},
  pages={117228},
  year={2020},
  publisher={Elsevier}
}

@article{lee2021realistic,
  title={Realistic microstructure simulator ({RMS}): {Monte Carlo} simulations of diffusion in three-dimensional cell segmentations of microscopy images},
  author={Lee, Hong-Hsi and Fieremans, Els and Novikov, Dmitry S},
  journal={Journal of neuroscience methods},
  volume={350},
  pages={109018},
  year={2021},
  publisher={Elsevier}
}

@article{bieri2007effect,
  title={Effect of diffusion in inhomogeneous magnetic fields on balanced steady-state free precession},
  author={Bieri, O and Scheffler, K},
  journal={NMR in Biomedicine: An International Journal Devoted to the Development and Application of Magnetic Resonance In vivo},
  volume={20},
  number={1},
  pages={1--10},
  year={2007},
  publisher={Wiley Online Library}
}

@article{scheffler2019bold,
  title={The {BOLD} sensitivity of rapid steady-state sequences},
  author={Scheffler, Klaus and Heule, Rahel and B{\'a}ez-Y{\'a}nez, Mario G and Kardatzki, Bernd and Lohmann, Gabriele},
  journal={Magnetic Resonance in Medicine},
  volume={81},
  number={4},
  pages={2526--2535},
  year={2019},
  publisher={Wiley Online Library}
}

@article{scheffler2021bold,
  title={{BOLD} sensitivity and vessel size specificity along CPMG and GRASE echo trains},
  author={Scheffler, Klaus and Engelmann, J{\"o}rn and Heule, Rahel},
  journal={Magnetic Resonance in Medicine},
  volume={86},
  number={4},
  pages={2076--2083},
  year={2021},
  publisher={Wiley Online Library}
}

@article{baez2023mechanistic,
  title={A mechanistic computational framework to investigate the hemodynamic fingerprint of the blood oxygenation level-dependent signal},
  author={B{\'a}ez-Y{\'a}{\~n}ez, Mario Gilberto and Siero, Jeroen CW and Petridou, Natalia},
  journal={NMR in Biomedicine},
  volume={36},
  number={12},
  pages={e5026},
  year={2023},
  publisher={Wiley Online Library}
}

@article{hartung2021mathematical,
  title={Mathematical synthesis of the cortical circulation for the whole mouse brain—part II: Microcirculatory closure},
  author={Hartung, Grant and Badr, Shoale and Mihelic, Samuel and Dunn, Andrew and Cheng, Xiaojun and Kura, Sreekanth and Boas, David A and Kleinfeld, David and Alaraj, Ali and Linninger, Andreas A},
  journal={Microcirculation},
  volume={28},
  number={5},
  pages={e12687},
  year={2021},
  publisher={Wiley Online Library}
}

@article{hall2009convergence,
  title={Convergence and parameter choice for {Monte-Carlo} simulations of diffusion {MRI}},
  author={Hall, Matt G and Alexander, Daniel C},
  journal={IEEE transactions on medical imaging},
  volume={28},
  number={9},
  pages={1354--1364},
  year={2009},
  publisher={IEEE}
}


@inproceedings{Riedmatten2024Flexible,
  title={Flexible and computationally efficient framework for diffusion {MRI} simulations in realistic neuron morphologies},
  author={Riedmatten, Inès de and Nguyen-Duc, Jasmine and Jelescu, Ileana},
  series={Proceedings of the 24th Annual Meeting of ISMRM},
  pages={2406},
  year={2024}
}

@inproceedings{goerke2006increased,
  title={Increased {T2}-sensitivity in {BOLD} {fMRI} using stimulated echoes: A {Monte-Carlo} simulation},
  author={Goerke, U and Ugurbil, K},
  series={Proc. Intl. Soc. Mag. Reson. Med},
  pages={663},
  year={2006}
}

@article{bieri2013fundamentals,
  title={Fundamentals of balanced steady state free precession {MRI}},
  author={Bieri, Oliver and Scheffler, Klaus},
  journal={Journal of Magnetic Resonance Imaging},
  volume={38},
  number={1},
  pages={2--11},
  year={2013},
  publisher={Wiley Online Library}
}

@software{cottaar_2023_10067194,
  author       = {Cottaar, Michiel},
  title        = {{MCMRSimulator}.jl},
  month        = nov,
  year         = 2023,
  publisher    = {Zenodo},
  version      = {V0.9},
  doi          = {10.5281/zenodo.10067194},
  url          = {https://doi.org/10.5281/zenodo.10067194}
}

@inproceedings{Sandgaard2024Towards,
  title={Towards a Standard Model of Diffusion in White Matter with Phase and Relaxation – A {Monte-Carlo} Study},
  author={Sandgaard, Anders D and Kiselev, Valerij G and Shemesh, Noam and Jespersen, Sune},
  booktitle={2024 ISMRM \& ISMRT Annual Meeting \& Exhibition (ISMRM 2024)},
  year={2024}
}

@inproceedings{cook2006camino,
  title={Camino: open-source diffusion-{MRI} reconstruction and processing},
  author={Cook, Philip A and Bai, Yu and Nedjati-Gilani, Shahrum and Seunarine, Kiran K and Hall, Matt G and Parker, GJ and Alexander, Daniel C},
  booktitle={Proceedings of the 14th Scientific Meeting of the International Society for Magnetic Resonance in Medicine (ISMRM), Seattle, WA, USA},
  year={2006}
}

@article{li2019spindoctor,
  title={{SpinDoctor}: a Matlab toolbox for diffusion {MRI} simulation},
  author={Li, Jing-Rebecca and Nguyen, Van-Dang and Tran, Try Nguyen and Valdman, Jan and Trang, Cong-Bang and Van Nguyen, Khieu and Vu, Duc Thach Son and Tran, Hoang An and Tran, Hoang Trong An and Nguyen, Thi Minh Phuong},
  journal={NeuroImage},
  volume={202},
  pages={116120},
  year={2019},
  publisher={Elsevier}
}

@article{kerkela2020disimpy,
  title={{Disimpy}: A massively parallel Monte Carlo simulator for generating diffusion-weighted {MRI} data in Python},
  author={Kerkel{\"a}, Leevi and Nery, Fabio and Hall, Matt G and Clark, Chris A},
  journal={Journal of Open Source Software},
  volume={5},
  number={52},
  pages={2527},
  year={2020}
}

@inproceedings{ianucs2016microstructure,
  title={Microstructure imaging sequence simulation toolbox},
  author={Ianu{\c{s}}, Andrada and Alexander, Daniel C and Drobnjak, Ivana},
  booktitle={Simulation and Synthesis in Medical Imaging: First International Workshop, SASHIMI 2016, Held in Conjunction with MICCAI 2016, Athens, Greece, October 21, 2016, Proceedings 1},
  pages={34--44},
  year={2016},
  organization={Springer}
}

@inproceedings{Xu2024mati,
  title={A {GPU}-Accelerated Software Toolbox for Simulation and Analysis of Diffusion {MRI} in Microstructures with a Graphical User Interface
},
  author={Xu , Junzhong and  Jiang, Xiaoyu and Devan, Sean P  and Pamulaparthi, Adithya  and  Yan, Nicholas and  Zu, Zhongliang and Smith, David S  and Harkins, Kevin D and Gore , John C },
  booktitle={2024 ISMRM \& ISMRT Annual Meeting \& Exhibition (ISMRM 2024)},
  year={2024}
}

@article{blum2023simulated,
  title={Simulated Diffusion in Realistic Imaging Features of Tissue ({Sim-DRIFT})},
  author={Blum, Jacob and Utt, Kainen L},
  journal={Journal of Open Source Software},
  volume={8},
  number={89},
  pages={5621},
  year={2023}
}

@article{mcnab2010steady,
  title={Steady-state diffusion-weighted imaging: theory, acquisition and analysis},
  author={McNab, Jennifer A and Miller, Karla L},
  journal={NMR in Biomedicine},
  volume={23},
  number={7},
  pages={781--793},
  year={2010},
  publisher={Wiley Online Library}
}


@article{ginsburger2019medusa,
  title={{MEDUSA}: A {GPU}-based tool to create realistic phantoms of the brain microstructure using tiny spheres},
  author={Ginsburger, K{\'e}vin and Matuschke, Felix and Poupon, Fabrice and Mangin, Jean-Fran{\c{c}}ois and Axer, Markus and Poupon, Cyril},
  journal={Neuroimage},
  volume={193},
  pages={10--24},
  year={2019},
  publisher={Elsevier}
}

@article{villarreal2023cactus,
  title={{CACTUS}: a computational framework for generating realistic white matter microstructure substrates},
  author={Villarreal-Haro, Juan Luis and Gardier, Remy and Canales-Rodr{\'\i}guez, Erick J and Fischi-Gomez, Elda and Girard, Gabriel and Thiran, Jean-Philippe and Rafael-Pati{\~n}o, Jonathan},
  journal={Frontiers in Neuroinformatics},
  volume={17},
  pages={1208073},
  year={2023},
  publisher={Frontiers Media SA}
}

@article{callaghan2020config,
  title={{ConFiG}: Contextual Fibre Growth to generate realistic axonal packing for diffusion {MRI} simulation},
  author={Callaghan, Ross and Alexander, Daniel C and Palombo, Marco and Zhang, Hui},
  journal={Neuroimage},
  volume={220},
  pages={117107},
  year={2020},
  publisher={Elsevier}
}

@article{stejskal1965spin,
  title={Spin diffusion measurements: spin echoes in the presence of a time-dependent field gradient},
  author={Stejskal, Edward O and Tanner, John E},
  journal={The journal of chemical physics},
  volume={42},
  number={1},
  pages={288--292},
  year={1965},
  publisher={American Institute of Physics}
}

@article{does2003oscillating,
  title={Oscillating gradient measurements of water diffusion in normal and globally ischemic rat brain},
  author={Does, Mark D and Parsons, Edward C and Gore, John C},
  journal={Magnetic Resonance in Medicine: An Official Journal of the International Society for Magnetic Resonance in Medicine},
  volume={49},
  number={2},
  pages={206--215},
  year={2003},
  publisher={Wiley Online Library}
}

@article{hall2017diffusion,
  title={Diffusion in hierarchical systems: A simulation study in models of healthy and diseased muscle tissue},
  author={Hall, Matt G and Clark, Chris A},
  journal={Magnetic resonance in medicine},
  volume={78},
  number={3},
  pages={1187--1198},
  year={2017},
  publisher={Wiley Online Library}
}

@inproceedings{hartung2022simulated,
  title={Simulated {fMRI} responses using human Vascular Anatomical Network models with varying architecture and dynamics},
  author={Hartung, Grant and Pfannmoeller, Joerg and Berman, JLA and Polimeni, RJ},
  booktitle={Proc Intl Soc Mag Reson Med},
  volume={30},
  year={2022}
}

@article{pathak2008novel,
  title={A novel technique for modeling susceptibility-based contrast mechanisms for arbitrary microvascular geometries: the finite perturber method},
  author={Pathak, Arvind P and Ward, B Douglas and Schmainda, Kathleen M},
  journal={Neuroimage},
  volume={40},
  number={3},
  pages={1130--1143},
  year={2008},
  publisher={Elsevier}
}

@article{ogawa1993functional,
  title={Functional brain mapping by blood oxygenation level-dependent contrast magnetic resonance imaging. A comparison of signal characteristics with a biophysical model},
  author={Ogawa, Seiji and Menon, RS and Tank, David W and Kim, SG and Merkle, H and Ellermann, JM and Ugurbil, K},
  journal={Biophysical journal},
  volume={64},
  number={3},
  pages={803--812},
  year={1993},
  publisher={Elsevier}
}

@article{scheffler2016high,
  title={High-resolution mapping of neuronal activation with balanced SSFP at 9.4 tesla},
  author={Scheffler, Klaus and Ehses, Philipp},
  journal={Magnetic resonance in medicine},
  volume={76},
  number={1},
  pages={163--171},
  year={2016},
  publisher={Wiley Online Library}
}

@ONLINE{hdf5,
    author = {{The HDF Group}},
    title = "{Hierarchical Data Format, version 5}",
    year = {1997-2024},
    note = {https://www.hdfgroup.org/HDF5/}
}

@article{constable1994functional,
  title={Functional {NMR} imaging using fast spin echo at 1.5 T},
  author={Constable, R Todd and Kennan, Richard P and Puce, Aina and McCarthy, Gregory and Gore, John C},
  journal={Magnetic resonance in medicine},
  volume={31},
  number={6},
  pages={686--690},
  year={1994},
  publisher={Wiley Online Library}
}

@article{karch1999three,
  title={A three-dimensional model for arterial tree representation, generated by constrained constructive optimization},
  author={Karch, Rudolf and Neumann, Friederike and Neumann, Martin and Schreiner, Wolfgang},
  journal={Computers in biology and medicine},
  volume={29},
  number={1},
  pages={19--38},
  year={1999},
  publisher={Elsevier}
}

@article{feinberg1991grase,
  title={{GRASE} (gradient-and spin-echo) {MR} imaging: a new fast clinical imaging technique.},
  author={Feinberg, David A and Oshio, Koichi},
  journal={Radiology},
  volume={181},
  number={2},
  pages={597--602},
  year={1991}
}

@article{linninger2019mathematical,
  title={Mathematical synthesis of the cortical circulation for the whole mouse brain-part I. theory and image integration},
  author={Linninger, Andreas and Hartung, Grant and Badr, Shoale and Morley, Ryan},
  journal={Computers in biology and medicine},
  volume={110},
  pages={265--275},
  year={2019},
  publisher={Elsevier}
}

@article{uludaug2009integrative,
  title={An integrative model for neuronal activity-induced signal changes for gradient and spin echo functional imaging},
  author={Uluda{\u{g}}, K{\^a}mil and M{\"u}ller-Bierl, Bernd and U{\u{g}}urbil, K{\^a}mil},
  journal={Neuroimage},
  volume={48},
  number={1},
  pages={150--165},
  year={2009},
  publisher={Elsevier}
}

@article{kim2012analysis,
  title={Analysis of the {BOLD} characteristics in pass-band {bSSFP} {fMRI}},
  author={Kim, Taek Soo and Lee, Jongho and Lee, Jin Hyung and Glover, Gary H and Pauly, John M},
  journal={International journal of imaging systems and technology},
  volume={22},
  number={1},
  pages={23--32},
  year={2012},
  publisher={Wiley Online Library}
}

@article{winther2023susceptibility,
  title={Susceptibility-induced internal gradients reveal axon morphology and cause anisotropic effects in the {dMRI} signal},
  author={Winther, S and Lundell, H and Rafael-Pati{\~n}o, J and Andersson, M and Thiran, JP and Dyrby, TB},
  journal={bioRxiv},
  pages={2023--05},
  year={2023},
  publisher={Cold Spring Harbor Laboratory}
}

@inproceedings{winther2022susceptibility,
  title={Susceptibility-induced {B-field} inhomogeneity of undulating axons and effects on the {DWI} signal},
  author={Winther, Sidsel and Lundell, Henrik and Dyrby, Tim B},
  series={Joint Annual Meeting ISMRM-ESMRMB & ISMRT 31st Annual Meeting },
  pages={1045},
  year={2022}
}

@article{fieremans2018physical,
  title={Physical and numerical phantoms for the validation of brain microstructural {MRI}: A cookbook},
  author={Fieremans, Els and Lee, Hong-Hsi},
  journal={Neuroimage},
  volume={182},
  pages={39--61},
  year={2018},
  publisher={Elsevier}
}

@article{callaghan1997simple,
  title={A simple matrix formalism for spin echo analysis of restricted diffusion under generalized gradient waveforms},
  author={Callaghan, Paul T},
  journal={Journal of Magnetic Resonance},
  volume={129},
  number={1},
  pages={74--84},
  year={1997},
  publisher={Elsevier}
}

@article{roth1982ray,
  title={Ray casting for modeling solids},
  author={Roth, Scott D},
  journal={Computer graphics and image processing},
  volume={18},
  number={2},
  pages={109--144},
  year={1982},
  publisher={Elsevier}
}

@article{winther2024susceptibility,
  title={Susceptibility-induced internal gradients reveal axon morphology and cause anisotropic effects in the diffusion-weighted MRI signal},
  author={Winther, S and Lundell, H and Rafael-Pati{\~n}o, J and Andersson, M and Thiran, J-P and Dyrby, TB},
  journal={Scientific Reports},
  volume={14},
  number={1},
  pages={29636},
  year={2024},
  publisher={Nature Publishing Group UK London}
}
